2292 3544
148 159 171 212 2
350 109 572 195 Elementtnum
613 129 879 201 Geometricarum,

137 311 139 316 ¹
188 245 249 304 Not.
266 239 401 301 Euclidem
416 237 521 300 Numeri
535 239 683 306 uocabulum
696 241 838 320 quandoque
851 245 904 304 late
913 237 1010 319 sument
1023 259 1070 321 prs
1122 311 1129 322 ⁸

148 321 214 382 omni
229 336 255 377 eo
266 338 311 396 qno
323 318 453 396 quantitas
466 314 575 392 cujusvis
588 318 632 394 rei¹
640 322 799 396 exprimitur,
823 337 850 380 ut
863 325 889 382 in
906 324 951 382 td.-
961 319 1006 398 37.
1026 330 1073 384 18.

157 417 204 472 19·
217 394 270 474 def.
286 397 334 457 lit.
346 403 375 472 q.
387 392 539 472 Quandoque
549 402 607 454 uero
626 395 663 454 ad
673 400 798 457 unitatum
819 399 1005 474 multitudinem
1028 421 1072 460 re·

149 471 286 554 sltingert,
298 489 325 534 ut
338 475 365 534 in
378 470 564 550 definitionibus
583 469 645 546 istas
660 475 753 536 ini-den
764 478 969 552 precedentibus.
999 518 1004 530 .

200 620 226 677 3.
243 602 287 658 Ma
308 595 409 656 nitudo
420 595 641 673 magnitudinem
655 593 800 659 continere
812 597 927 672 dicitur,
938 617 1002 660 curn
1018 597 1070 658 ista

159 678 232 738 hauc
246 675 277 736 in
289 615 316 735 le
329 672 457 750 continet
467 674 513 734 vel
532 675 674 754 aqualem.

199 777 228 833 4.
246 750 410 830 Magnitudo
432 751 633 830 magnitudinis
647 797 656 824 ‚
677 752 768 812 minor
782 751 892 827 majoris
906 757 930 810 8t
943 753 1072 826 ejusdem

160 830 283 908 generis,
296 845 411 890 vocatur
424 833 496 897 Pats.
515 833 603 901 Major
616 831 805 891 vetominotis
820 831 923 891 dicitur
934 835 1049 892 Totum.

208 931 231 986 ς.
248 908 277 968 Si
287 925 349 987 pars
363 905 440 970 suum
450 925 542 968 totum
553 907 694 980 metiatur,
708 909 754 967 seu
766 908 912 990 aliquoties
920 909 1028 988 sumpta
1039 907 1071 968 id

162 984 312 1066 adaequet„
324 984 429 1046 dicitur
462 987 521 1059 ejus
534 1003 595 1062 pars
619 985 739 1066 aliquota
760 987 972 1059 valneolum,
998 985 1071 1046 item

162 1062 291 1142 Simplex
313 1064 359 1125 nel
381 1061 610 1140 submultiplex:
635 1061 704 1123 sicut
728 1061 817 1140 iusum
843 1082 933 1124 totum
947 1062 1071 1143 respedu
1096 1131 1099 1138 Ι

162 1141 300 1215 ejusmodi
315 1143 401 1220 partis
415 1140 519 1201 dicitur
533 1139 694 1218 Multipleu.
725 1140 754 1200 Si
768 1161 835 1200 veto
854 1158 915 1215 pars
929 1161 1071 1222 utcunque

163 1219 284 1296 repetita
296 1220 374 1278 suum
388 1237 479 1278 totum
502 1238 559 1278 non
574 1220 711 1300 adaequet,
725 1237 838 1278 vocatur
853 1219 1007 1300 Aliquanto.
1027 1221 1071 1278 Sic

166 1294 294 1374 qejlpart
303 1297 416 1372 aliquota
429 1297 523 1355 numeni
541 1317 585 1369 12,
591 1295 636 1372 sed
641 1299 772 1374 aliquanta
786 1299 879 1357 numeri
895 1321 921 1372 7.

206 1381 232 1434 6.
256 1371 367 1433 Similes
380 1390 471 1452 partes
485 1375 545 1432 lunt
579 1391 618 1431 uae
629 1375 729 1434 eodem
743 1377 829 1434 modo
837 1375 884 1434 seu
895 1393 971 1456 atque
978 1373 1007 1434 in
1017 1372 1072 1432 suis

163 1449 233 1510 totis
245 1447 447 1521 continentum
468 1466 499 1508 ut
513 1395 599 1530 qualis
614 1469 675 1528 pars
689 1451 727 1509 sni
750 1451 837 1509 totius
850 1451 891 1511 est
919 1471 972 1511 una
986 1496 995 1526 ‚
1008 1453 1070 1510 talis

164 1544 228 1604 pars
242 1525 280 1585 sui
294 1526 327 1585 fit
349 1529 444 1588 altera.
463 1527 539 1604 Quod
548 1529 608 1603 stone
632 1527 697 1588 nihil
716 1527 790 1587 aliud
805 1525 857 1604 est,
885 1549 963 1609 quant
985 1546 1070 1605 partes

159 1601 262 1676 snniles
276 1603 315 1662 ad
321 1603 367 1680 {tta
378 1622 431 1664 tota
449 1604 550 1664 eandem
565 1607 684 1666 rationem
694 1605 795 1664 habene.

171 1697 173 1702 ’
219 1705 246 1758 7.
267 1681 349 1742 Ratio
361 1681 402 1744 est
414 1683 531 1742 duarum
557 1683 784 1760 magnitudinum
809 1683 934 1755 ejusdem
961 1682 1071 1760 generis

163 1776 260 1820 mutua
272 1760 399 1840 quadam
413 1760 549 1820 habitudo
560 1775 567 1814 t
579 1765 673 1840 anue
683 1760 729 1820 vel
745 1763 895 1821 secundum
910 1780 1004 1820 tarum
1016 1760 1071 1821 dif-

164 1834 314 1898 ferentiam
327 1841 379 1920 qud
394 1858 446 1898 una
456 1838 570 1899 alteram
580 1837 702 1906 excedit,
717 1837 875 1920 diciturque
883 1839 966 1899 Ratio
976 1837 1071 1898 Atitlt·

130 1933 134 1944 ’
164 1914 269 1976 metica
279 1935 292 1988 ‘3
306 1931 335 1977 ut
346 1919 394 1993 qni
408 1939 433 1976 v.
444 1938 471 1991 g.
486 1922 510 1978 6.
530 1917 629 1978 excedit
644 1937 667 1978 2·
681 1913 716 1988 dy
730 1915 886 1990 notatnrssc,
901 1924 965 1988 62-
976 1938 1010 1995 2.Ι
1021 1915 1071 1976 Vel

164 1991 317 2079 secundum
332 1997 448 2056 modum
461 2015 581 2076 quouna
595 1996 708 2055 alteram
722 1994 849 2054 contineo
861 2012 908 2054 aut
923 1993 951 2055 io
962 2013 1071 2054 cacon-
1122 2045 1126 2056 .

165 2085 281 2142 tenetur,
301 2077 326 2128 ει
340 2071 446 2132 dicitur
469 2079 577 2133 Geome
606 2073 669 2144 icat
683 2075 961 2150 aequisonantia
993 2072 1071 2133 Prior

164 2145 283 2212 cuiusvis
298 2147 414 2207 rationis
437 2093 702 2212 tet'ntinuaeocatur
721 2153 923 2225 Antecedens·,
936 2147 1072 2230 posterior

163 2239 260 2284 autem
275 2225 457 2307 consequens.
936 2257 939 2264 ¹

202 2350 270 2408 Not.
291 2355 344 2410 Per
357 2351 490 2410 Rationem
503 2365 531 2409 ut
551 2348 781 2428 &Propontitnenn
796 2351 967 2428 fimpliciter',
981 2353 1071 2429 semme

135 2445 138 2452 ·
163 2425 339 2502 intelliguntur
353 2430 521 2490 Geometritae.
1121 2427 1125 2432 ’

202 2557 230 2612 8.
250 2553 400 2630 Propontio
412 2546 453 2611 est
468 2549 607 2612 rationum
626 2553 761 2630 identitas
782 2569 828 2612 aut
842 2554 992 2633 equalitas.
1011 2562 1072 2625 Cata

162 2626 243 2699 igitar
253 2632 279 2690 in
291 2633 373 2689 tribas
383 2645 482 2704 tantum
495 2631 745 2706 natantianatantia
757 2631 862 2690 habetur
876 2635 966 2710 aliqua
974 2646 1072 2706 propot-

163 2707 210 2780 tio,
231 2708 328 2767 medius
343 2708 481 2784 aequivalet
501 2709 603 2767 anolus.
679 2765 684 2775 ,
949 2759 953 2766 .
1005 2767 1007 2773 .

203 2808 220 2861 9
252 2791 318 2844 Due
333 2801 454 2844 tationes
474 2784 606 2846 dicuntur
618 2783 734 2866 aquales
749 2785 794 2846 seu
809 2786 915 2844 eadem
931 2828 940 2858 ‚
964 2801 1027 2846 cum
1037 2787 1071 2845 u·¹

162 2861 286 2940 ttiusque
301 2866 472 2922 antecedens
485 2882 561 2942 aque
574 2861 598 2945 (
611 2883 664 2922 nec
680 2864 766 2939 magis
780 2882 835 2922 nec
849 2853 965 2940 minus)
979 2865 1071 2922 conti·

163 2955 213 2994 net
237 2937 314 2998 suum
329 2941 556 3018 consequentem,
581 2943 625 3000 vel
640 2939 671 3000 in
683 2959 719 2999 eo
733 2943 904 3001 continetur.
930 2945 1070 3002 Duaevero

153 3013 287 3098 'rationes
302 3018 362 3098 lunt
376 3018 542 3097 inaequales,
557 3019 603 3077 seu
615 3037 669 3077 una
680 3017 765 3079 alteri
780 3022 867 3090 maior
880 3063 889 3091 ‚
903 3021 1014 3100 quando
1025 3039 1071 3080 an-

163 3092 405 3166 tecedens'u'nftus'
417 3095 533 3157 rationis
555 3096 643 3174 magis
667 3097 796 3158 continet
816 3095 892 3156 suum
906 3097 1071 3180 consequen-

477 3209 494 3216 „
825 3192 827 3198 ’
957 3209 961 3218 ·
1015 3189 1069 3235 tent
